@misc{hoverdisc-notes,
  title={Axisymmetric hover disc notes},
  author={},
  year={2025},
  note={Unpublished technical note.}
}
